<?xml version="1.0" encoding="UTF-8"?><collection xmlns="http://www.loc.gov/MARC21/slim"><record><leader>00665nam--2200193-u-4500</leader><controlfield tag="001">000053821</controlfield><controlfield tag="002">20161230</controlfield><controlfield tag="005">20170210153543</controlfield><controlfield tag="008">110622s1000------------r-----000-0-fre-d</controlfield><datafield ind1=" " ind2=" " tag="040"><subfield code="a">IFIN-HH</subfield></datafield><datafield ind1=" " ind2=" " tag="041"><subfield code="a">fre</subfield></datafield><datafield ind1=" " ind2=" " tag="080"><subfield code="a">537.6(061.3)</subfield></datafield><datafield ind1="1" ind2=" " tag="110"><subfield code="a">Centre National De La Recherche Scientifique</subfield></datafield><datafield ind1="1" ind2="0" tag="245"><subfield code="a">Physique sous champs magnetiques intenses</subfield><subfield code="b">Colloques internationaux du centre national de la recherche scientifique, Grenoble, 18-21 septembre 1974</subfield></datafield><datafield ind1=" " ind2=" " tag="260"><subfield code="a">Paris</subfield><subfield code="b">Editions Du Centre National De La Recherche Scientifique</subfield><subfield code="c">1975</subfield></datafield><datafield ind1=" " ind2=" " tag="300"><subfield code="a">447 p</subfield></datafield><datafield ind1=" " ind2=" " tag="490"><subfield code="a">Colloques Internationaux</subfield></datafield><datafield ind1=" " ind2=" " tag="852"><subfield code="a">46728</subfield><subfield code="c">537:538</subfield></datafield><datafield ind1=" " ind2=" " tag="CAT"><subfield code="a">SYS</subfield><subfield code="c">20170210</subfield><subfield code="h">153543</subfield></datafield></record></collection>